@article{Aa00,
    author  = "Firstname Lastname and Firstname2 Lastname2",
    title   = "Title",
    year    = "2000",
    journal = "Journal",
    pages   = "1--2"
}

@book{Aa01,
    author  = "Firstname Lastname and Firstname2 Lastname2",
    title   = "Title",
    year    = "2001",
    publisher = "Publisher",
}